% Encoding: UTF-8


@misc{monolitico,
 author       = "Wikipédia",
 title        = "Aplicação monolítica",
 howpublished = "Disponível em \url{https://pt.wikipedia.org/wiki/Aplicação_monolítica}",
 month        = dez,
 year         = 2022,
 note 		  = "(Último acesso em 15/03/2023)"
}

@misc{monoliticoVandDes,
 author       = "Pablo Santos",
 title        = "Quais as diferenças entre Arquitetura Monolítica e Microsserviços, suas vantagens e desvantagens.",
 howpublished = "Disponível em \url{https://arphoenix.com.br/quais-as-diferencas-entre-arquitetura-monolitica-e-microsservicos-suas-vantagens-e-desvantagens/}",
 month        = out,
 year         = 2021,
 note 		  = "(Último acesso em 15/03/2023)"
}

@misc{serviços,
 author       = "AWS",
 title        = "O que é Arquitetura orientada a serviços?",
 howpublished = "Disponível em \url{https://aws.amazon.com/pt/what-is/service-oriented-architecture}",
 note 		  = "(Último acesso em 15/03/2023)"
}

@misc{cqrs,
 author       = "Chris Richardson",
 title        = "Pattern: Command Query Responsibility Segregation (CQRS)",
 howpublished = "Disponível em \url{https://microservices.io/patterns/data/cqrs.html}",
 note 		  = "(Último acesso em 15/03/2023)"
}

@misc{database,
 author       = "Chris Richardson",
 title        = "Pattern: Database per service",
 howpublished = "Disponível em \url{https://microservices.io/patterns/data/database-per-service.html}",
 note 		  = "(Último acesso em 15/03/2023)"
}

@misc{escalabilidade,
 author       = "Bibe tecnologia",
 title        = "Elasticidade na Cloud Computing: entenda o que é e como funciona",
 howpublished = "Disponível em \url{https://blog.vibetecnologia.com/elasticidade-na-cloud-computing/}",
 month        = jun,
 year         = 2021,
 note 		  = "(Último acesso em 15/03/2023)"
}

@misc{escalabilidade1,
 author       = "Acervo Lima",
 title        = "ESCALABILIDADE E ELASTICIDADE EM COMPUTAÇÃO EM NUVEM",
 howpublished = "Disponível em \url{https://acervolima.com/escalabilidade-e-elasticidade-em-computacao-em-nuvem/}",
 note 		  = "(Último acesso em 15/03/2023)"
}

@misc{eventos,
 author       = "Red Hat",
 title        = "O que é arquitetura orientada a eventos?",
 howpublished = "Disponível em \url{https://www.redhat.com/pt-br/topics/integration/what-is-event-driven-architecture}",
 month        = set,
 year         = 2019,
 note 		  = "(Último acesso em 15/03/2023)"
}

@misc{whymicroservices,
 author       = "Heydar Rzayev",
 title        = "Why Microservices Are the Future of Architecture",
 howpublished = "Disponível em \url{https://dreamix.eu/blog/microservices/why-microservices-are-the-future-of-architecture}",
 month        = oct,
 year         = 2022,
 note 		  = "(Último acesso em 20/03/2023)"
}

@misc{jwt,
 author       = "Guilherme Vilas Boas Roberto",
 title        = "JWT - Explicação simples e rápida",
 howpublished = "Disponível em \url{https://www.linkedin.com/pulse/jwt-explicação-simples-e-rápida-guilherme-vilas-boas-roberto-1f/?originalSubdomain=pt}",
 month        = dec,
 year         = 2019,
 note 		  = "(Último acesso em 20/03/2023)"
}

@misc{apikeys,
 author       = "FORTINET",
 title        = "What Is an API Key?",
 howpublished = "Disponível em \url{https://www.fortinet.com/resources/cyberglossary/api-key}",
 month        = mar,
 year         = 2023,
 note 		  = "(Último acesso em 22/03/2023)"
}

@misc{top100,
 author       = "Liam Tung",
 title        = "Programming languages: These top four rule and developers are happy - for now",
 howpublished = "Disponível em \url{https://www.zdnet.com/article/programming-languages-these-top-four-rule-and-developers-are-happy-for-now/}",
 month        = nov,
 year         = 2022,
 note 		  = "(Último acesso em 02/04/2023)"
}

@misc{imagensMonoMicro,
 author       = "Pedro Freitas",
 title        = "Arquitetura Monolítica é melhor que Microsserviços ? Quando usar uma ou outra ?",
 howpublished = "Disponível em \url{https://www.linkedin.com/pulse/arquitetura-monolítica-é-melhor-que-microsserviços-quando-freitas/}",
 month        = nov,
 year         = 2022,
 note 		  = "(Último acesso em 02/04/2023)"
}

@misc{event,
 author       = "ScyllaDB",
 title        = "Event Driven Architecture",
 howpublished = "Disponível em \url{https://www.scylladb.com/glossary/event-driven-architecture/}",
 note 		  = "(Último acesso em 02/04/2023)"
}

@misc{rpc,
 author       = "Wikipédia",
 title        = "Chamada de procedimento remoto",
 howpublished = "Disponível em \url{https://pt.wikipedia.org/wiki/Chamada_de_procedimento_remoto}",
 month        = abr,
 year         = 2022,
 note 		  = "(Último acesso em 02/04/2023)"
}

@misc{SOAPREST,
 author       = "RedHat",
 title        = "REST x SOAP",
 howpublished = "Disponível em \url{https://www.redhat.com/pt-br/topics/integration/whats-the-difference-between-soap-rest}",
 month        = abr,
 year         = 2019,
 note 		  = "(Último acesso em 02/04/2023)"
}

@misc{gRPC,
 author       = "Mariana Berga, André Santos",
 title        = "gRPC vs REST: comparing APIs architectural styles",
 howpublished = "Disponível em \url{https://www.imaginarycloud.com/blog/grpc-vs-rest/}",
 month        = abr,
 year         = 2019,
 note 		  = "(Último acesso em 02/04/2023)"
}


@misc{rabbit,
 author       = "RabbitMQ",
 title        = "Publish/Subscribe",
 howpublished = "Disponível em \url{https://www.rabbitmq.com/tutorials/tutorial-three-python.html}",
 note 		  = "(Último acesso em 02/04/2023)"
}

@misc{kafka,
 author       = "Simplilearn",
 title        = "Kafka vs RabbitMQ: Biggest Differences and Which Should You Learn?",
 howpublished = "Disponível em \url{https://www.simplilearn.com/kafka-vs-rabbitmq-article}",
 month        = mar,
 year         = 2023,
 note 		  = "(Último acesso em 02/04/2023)"
}

@misc{podman,
 author       = "Podman",
 title        = "Podman",
 howpublished = "Disponível em \url{https://podman.io/}",
 note 		  = "(Último acesso em 02/04/2023)"
}

@misc{docker,
 author       = "Docker",
 title        = "Docker",
 howpublished = "Disponível em \url{https://www.docker.com/}",
 note 		  = "(Último acesso em 02/04/2023)"
}

@misc{mysql,
 author       = "MySQL",
 title        = "MySQL",
 howpublished = "Disponível em \url{https://www.mysql.com/}",
 note 		  = "(Último acesso em 02/04/2023)"
}

@misc{mariadb,
 author       = "MariaDB",
 title        = "MariaDB",
 howpublished = "Disponível em \url{https://mariadb.org/}",
 note 		  = "(Último acesso em 02/04/2023)"
}


@misc{postaman,
 author       = "Postman",
 title        = "Postman",
 howpublished = "Disponível em \url{https://www.postman.com/}",
 note 		  = "(Último acesso em 02/04/2023)"
}

@misc{insomnia,
 author       = "Insomnia",
 title        = "Insomnia",
 howpublished = "Disponível em \url{https://insomnia.rest/}",
 note 		  = "(Último acesso em 02/04/2023)"
}

@misc{jmeter,
 author       = "JMeter",
 title        = "JMeter",
 howpublished = "Disponível em \url{https://jmeter.apache.org/}",
 note 		  = "(Último acesso em 02/04/2023)"
}

@misc{soapui,
 author       = "SOAPUI",
 title        = "SOAPUI",
 howpublished = "Disponível em \url{https://www.soapui.org/}",
 note 		  = "(Último acesso em 02/04/2023)"
}

@misc{ballerina,
 author       = "TheNewStack",
 title        = "Why Should You Program with Ballerina?",
 howpublished = "Disponível em \url{https://thenewstack.io/why-should-you-program-with-ballerina/}",
 month        = apr,
 year         = 2022,
 note 		  = "(Último acesso em 02/04/2023)"
}

@misc{exemploB1,
 author       = "Ballerina",
 title        = "Hello world service",
 howpublished = "Disponível em \url{https://ballerina.io/learn/by-example/hello-world-service/}",
 note 		  = "(Último acesso em 02/04/2023)"
}

@misc{exemploB2,
 author       = "Ballerina",
 title        = "Concurrent",
 howpublished = "Disponível em \url{https://ballerina.io/why-ballerina/concurrent/}",
 note 		  = "(Último acesso em 02/04/2023)"
}

@misc{exemploB3,
 author       = "Ballerina",
 title        = "Test a simple function",
 howpublished = "Disponível em \url{https://ballerina.io/learn/test-ballerina-code/test-a-simple-function/}",
 note 		  = "(Último acesso em 02/04/2023)"
}

@misc{centralBallerina,
 author       = "Ballerina",
 title        = "Ballerina Central",
 howpublished = "Disponível em \url{https://central.ballerina.io/}",
 note 		  = "(Último acesso em 29/04/2023)"
}


@misc{tiposBallerina,
 author       = "Ballerina",
 title        = "Flexibly Typed",
 howpublished = "Disponível em \url{https://ballerina.io/why-ballerina/flexibly-typed/}",
 note 		  = "(Último acesso em 29/04/2023)"
}

@misc{addon,
 author       = "WSO2",
 title        = "Ballerina Visual Studio Code Extension Documentation",
 howpublished = "Disponível em \url{https://wso2.com/ballerina/vscode/docs/}",
 note 		  = "(Último acesso em 29/04/2023)"
}


@misc{organizacaoCodigo,
 author       = "Ballerina",
 title        = "Organize Ballerina code",
 howpublished = "Disponível em \url{https://ballerina.io/learn/organize-ballerina-code/}",
 note 		  = "(Último acesso em 29/04/2023)"
}

@misc{codeCloud,
 author       = "Ballerina",
 title        = "Code to cloud",
 howpublished = "Disponível em \url{https://ballerina.io/learn/run-in-the-cloud/code-to-cloud/code-to-cloud-deployment/}",
 note 		  = "(Último acesso em 29/04/2023)"
}

@misc{v,
 author       = "Ballerina",
 title        = "Provide values to configurable variables",
 howpublished = "Disponível em \url{https://ballerina.io/learn/configure-ballerina-programs/provide-values-to-configurable-variables/}",
 note 		  = "(Último acesso em 29/04/2023)"
}

@misc{top10,
 author       = "top10",
 title        = "Top 10 Secure Coding Practices",
 month        = mai,
 year         = 2018,
 howpublished = "Disponível em \url{https://wiki.sei.cmu.edu/confluence/display/seccode/Top+10+Secure+Coding+Practices}",
 note 		  = "(Último acesso em 11/05/2023)"
}

@misc{iso25010cat,
 author       = "ISO 25000",
 title        = "ISO / IEC 25010",
 howpublished = "Disponível em \url{https://iso25000.com/index.php/en/iso-25000-standards/iso-25010}",
 note 		  = "(Último acesso em 11/05/2023)"
}


@article{c4+1,
  title={The 4+ 1 view model of architecture},
  author={Kruchten, Philippe B},
  journal={IEEE software},
  volume={12},
  number={6},
  pages={42--50},
  year={1995},
  publisher={IEEE}
}

@misc{daemon,
 author       = "Wikipédia",
 title        = "Daemon (computing)",
 howpublished = "Disponível em \url{https://en.wikipedia.org/wiki/Daemon_(computing)}",
 note 		  = "(Último acesso em 05/06/2023)"
}

@misc{podmanVsDocker,
 author       = "Ritika Kumari",
 title        = "Podman vs Docker Comparison: Which Container Tool is Better?",
 howpublished = "Disponível em \url{https://testsigma.com/blog/podman-vs-docker/}",
month        = abr,
 year         = 2023,
 note 		  = "(Último acesso em 05/06/2023)"
}



@misc{csvConteudo,
 author       = "Wikipédia",
 title        = "Comma-separated values",
 howpublished = "Disponível em \url{https://pt.wikipedia.org/wiki/Comma-separated_values}",
 note 		  = "(Último acesso em 05/06/2023)"
}

@misc{csvVantagens,
 author       = "ByteScout",
 title        = "CSV FORMAT: HISTORY, ADVANTAGES AND WHY IT IS STILL POPULAR",
 howpublished = "Disponível em \url{https://bytescout.com/blog/csv-format-history-advantages.html#3}",
 note 		  = "(Último acesso em 05/06/2023)"
}

@misc{csvDesvantagenseInfo,
 author       = "Microsoft",
 title        = "Trabalhando com arquivos CSV e JSON para soluções de dados",
 howpublished = "Disponível em \url{https://learn.microsoft.com/pt-br/azure/architecture/data-guide/scenarios/csv-and-json}",
 note 		  = "(Último acesso em 05/06/2023)"
}

@misc{formatosDeDados,
 author       = "Octopus",
 title        = "O estado dos formatos de arquivo de configuração: XML vs. YAML vs. JSON vs. HCLs",
 howpublished = "Disponível em \url{https://octopus.com/blog/state-of-config-file-formats}",
 note 		  = "(Último acesso em 05/06/2023)"
}

@misc{soapuivsJmeter,
 author       = "LoadView",
 title        = "What is the difference between SoapUI and JMeter?",
 howpublished = "Disponível em \url{https://www.loadview-testing.com/blog/what-is-the-difference-between-soapui-and-jmeter/}",
 note 		  = "(Último acesso em 05/06/2023)"
}

@misc{postmanvsInsomnia,
 author       = "Paige Niedringhaus",
 title        = "Postman vs. Insomnia: Comparing the API Testing Tools",
 howpublished = "Disponível em \url{https://itnext.io/postman-vs-insomnia-comparing-the-api-testing-tools-4f12099275c1}",
 note 		  = "(Último acesso em 05/06/2023)"
}


@misc{databasePerServicePattern,
 author       = "Chris Richardson",
 title        = "Pattern: Database per service",
 howpublished = "Disponível em \url{https://microservices.io/patterns/data/database-per-service.html}",
 note 		  = "(Último acesso em 05/06/2023)"
}

@misc{sagaPattern,
 author       = "Chris Richardson",
 title        = "Pattern: Saga",
 howpublished = "Disponível em \url{https://microservices.io/patterns/data/saga.html}",
 note 		  = "(Último acesso em 05/06/2023)"
}

@misc{cqrsPattern,
 author       = "Chris Richardson",
 title        = "Pattern: Command Query Responsibility Segregation (CQRS)",
 howpublished = "Disponível em \url{https://microservices.io/patterns/data/cqrs.html}",
 note 		  = "(Último acesso em 05/06/2023)"
}


@misc{apiCompositionPattern,
 author       = "Chris Richardson",
 title        = "Pattern: API Composition",
 howpublished = "Disponível em \url{https://microservices.io/patterns/data/api-composition.html}",
 note 		  = "(Último acesso em 05/06/2023)"
}

@misc{messagingPattern,
 author       = "Chris Richardson",
 title        = "Pattern: Messaging",
 howpublished = "Disponível em \url{https://microservices.io/patterns/communication-style/messaging.html}",
 note 		  = "(Último acesso em 05/06/2023)"
}

@misc{apiGatewayPattern,
 author       = "Chris Richardson",
 title        = "Pattern: API Gateway / Backends for Frontends",
 howpublished = "Disponível em \url{https://microservices.io/patterns/apigateway.html}",
 note 		  = "(Último acesso em 05/06/2023)"
}

@misc{accessTokenPattern,
 author       = "Chris Richardson",
 title        = "Pattern: Access token",
 howpublished = "Disponível em \url{https://microservices.io/patterns/security/access-token.html}",
 note 		  = "(Último acesso em 05/06/2023)"
}






@misc{springBoot,
 author       = "VMware Tanzu",
 title        = "https://spring.io/projects/spring-boot",
 howpublished = "Disponível em \url{https://spring.io/projects/spring-boot}",
 note 		  = "(Último acesso em 05/06/2023)"
}
@misc{flask,
 author       = "Pallets",
 title        = "Flask",
 howpublished = "Disponível em \url{https://flask.palletsprojects.com/en/2.3.x/}",
 note 		  = "(Último acesso em 05/06/2023)"
}
@misc{django,
 author       = "Django Software Foundation",
 title        = "Meet Django",
 howpublished = "Disponível em \url{https://www.djangoproject.com/}",
 note 		  = "(Último acesso em 05/06/2023)"
}
@misc{express,
 author       = "OpenJS Foundation",
 title        = "Express",
 howpublished = "Disponível em \url{https://expressjs.com/}",
 note 		  = "(Último acesso em 05/06/2023)"
}
@misc{fastify,
 author       = "OpenJS Foundation",
 title        = "Fast and low overhead web framework, for Node.js",
 howpublished = "Disponível em \url{https://fastify.dev/}",
 note 		  = "(Último acesso em 05/06/2023)"
}
@misc{actix,
 author       = "Actix",
 title        = "Actix",
 howpublished = "Disponível em \url{https://actix.rs/}",
 note 		  = "(Último acesso em 05/06/2023)"
}
@misc{csharp,
 author       = "Microsoft",
 title        = "Creating a simple data-driven CRUD microservice",
 howpublished = "Disponível em \url{https://learn.microsoft.com/en-us/dotnet/architecture/microservices/multi-container-microservice-net-applications/data-driven-crud-microservice}",
 note 		  = "(Último acesso em 05/06/2023)"
}
@misc{fiber,
 author       = "Go Fiber",
 title        = "Fiber",
 howpublished = "Disponível em \url{https://docs.gofiber.io/}",
 note 		  = "(Último acesso em 05/06/2023)"
}


